<?xml version="1.0" encoding="utf-8"?>
<record xmlns="http://www.loc.gov/MARC21/slim" xmlns:xsi="http://www.w3.org/2001/XMLSchema-instance" xsi:schemaLocation="http://www.loc.gov/MARC21/slim http://www.loc.gov/standards/marcxml/schema/MARC21slim.xsd">
	<leader>     nam a22     Mi 4500</leader>
	<controlfield tag="001">519125</controlfield>
	<controlfield tag="003">NjP</controlfield>
	<controlfield tag="006">m        d        </controlfield>
	<controlfield tag="007">cr cn |||m|||a</controlfield>
	<controlfield tag="008">200505s1985    ir      o     000 0 ara d</controlfield>
	<datafield ind1=" " ind2=" " tag="040">
		<subfield code="a">ZYU</subfield>
		<subfield code="b">ara</subfield>
		<subfield code="e">rda</subfield>
		<subfield code="c">ZYU</subfield>
	</datafield>
	<datafield ind1=" " ind2=" " tag="043">
		<subfield code="a">a-ir---</subfield>
	</datafield>
	<datafield ind1="0" ind2="3" tag="245">
		<subfield code="6">880-01</subfield>
		<subfield code="a">al-Shiʻr al-thāʼir /</subfield>
		<subfield code="c">iʻdād Muʻāwanīyat al-ʻAlāqāt al-Dawlīyah fī Munaẓ̣ẓamat al-Iʻlām al-Islāmī.</subfield>
	</datafield>
	<datafield ind1=" " ind2=" " tag="260">
		<subfield code="6">880-02</subfield>
		<subfield code="a">[Ṭihrān] :</subfield>
		<subfield code="b">Sāzmān-i Tablīghāt-i Islāmī,</subfield>
		<subfield code="c">1985.</subfield>
	</datafield>
	<datafield ind1=" " ind2=" " tag="300">
		<subfield code="a">online resource (70 pages)</subfield>
	</datafield>
	<datafield ind1=" " ind2=" " tag="336">
		<subfield code="a">text</subfield>
		<subfield code="2">rdacontent</subfield>
	</datafield>
	<datafield ind1=" " ind2=" " tag="337">
		<subfield code="a">computer</subfield>
		<subfield code="2">rdamedia</subfield>
	</datafield>
	<datafield ind1=" " ind2=" " tag="338">
		<subfield code="a">online resource</subfield>
		<subfield code="2">rdacarrier</subfield>
	</datafield>
	<datafield ind1=" " ind2=" " tag="500">
		<subfield code="a">Part of the Arabic Collections Online (ACO) project, contributed by Princeton University Libraries.</subfield>
	</datafield>
	<datafield ind1=" " ind2=" " tag="533">
		<subfield code="a">Electronic reproduction.</subfield>
		<subfield code="b">New York, N.Y. :</subfield>
		<subfield code="c">New York University,</subfield>
		<subfield code="d">2020.</subfield>
		<subfield code="5">NNU</subfield>
	</datafield>
	<datafield ind1=" " ind2="0" tag="650">
		<subfield code="a">Political poetry, Arabic</subfield>
		<subfield code="z">Iran.</subfield>
	</datafield>
	<datafield ind1=" " ind2="7" tag="650">
		<subfield code="a">Political poetry, Arabic.</subfield>
		<subfield code="2">fast</subfield>
		<subfield code="0">(OCoLC)fst01069522</subfield>
	</datafield>
	<datafield ind1=" " ind2="7" tag="651">
		<subfield code="a">Iran.</subfield>
		<subfield code="2">fast</subfield>
		<subfield code="0">(OCoLC)fst01204889</subfield>
	</datafield>
	<datafield ind1="2" ind2=" " tag="710">
		<subfield code="6">880-03</subfield>
		<subfield code="a">Sāzmān-i Tablīghāt-i Islāmī (Tehran, Iran).</subfield>
		<subfield code="b">Qism al-ʻAlāqāt al-Dawlīyah.</subfield>
	</datafield>
	<datafield ind1="2" ind2=" " tag="710">
		<subfield code="a">Princeton University.</subfield>
		<subfield code="b">Library.</subfield>
	</datafield>
	<datafield ind1="0" ind2=" " tag="730">
		<subfield code="a">Arabic Collections Online.</subfield>
	</datafield>
	<datafield ind1="0" ind2="8" tag="776">
		<subfield code="i">Print version:</subfield>
		<subfield code="t">al-Shiʻr al-thāʼir</subfield>
		<subfield code="w">(NjP)519125</subfield>
		<subfield code="w">(OCoLC)22317123</subfield>
	</datafield>
	<datafield ind1="4" ind2="0" tag="856">
		<subfield code="u">http://hdl.handle.net/2333.1/qfttf7q5</subfield>
	</datafield>
	<datafield ind1="0" ind2="2" tag="880">
		<subfield code="6">245-01</subfield>
		<subfield code="a">الشعر الثائر /</subfield>
		<subfield code="c">اعداد معاونية العلاقات الدولية في منظمة الاعلام الاسلامي.</subfield>
	</datafield>
	<datafield ind1=" " ind2=" " tag="880">
		<subfield code="6">260-02</subfield>
		<subfield code="a">[طهران] :</subfield>
		<subfield code="b">سازمان تبلىغات اسلامى،</subfield>
		<subfield code="c">1985.</subfield>
	</datafield>
	<datafield ind1="2" ind2=" " tag="880">
		<subfield code="6">710-03</subfield>
		<subfield code="a">سازمان تبلىغات اسلامى (طهران، ايران).</subfield>
		<subfield code="b">قسم العلاقات الدولية.</subfield>
	</datafield>
	<datafield ind1=" " ind2=" " tag="959">
		<subfield code="a">NNU</subfield>
		<subfield code="b">WEB</subfield>
		<subfield code="c">GENI</subfield>
		<subfield code="t">0</subfield>
		<subfield code="m">Electronic access</subfield>
		<subfield code="s">01</subfield>
	</datafield>
	<datafield ind1=" " ind2=" " tag="999">
		<subfield code="i">NjP_519125</subfield>
		<subfield code="o">(OCoLC)ocm22317123</subfield>
		<subfield code="s">princeton_aco004002:</subfield>
		<subfield code="e">(ERROR-MISC)</subfield>
		<subfield code="s">princeton_aco004002:</subfield>
	</datafield>
</record>
